@article{bennedsen-sigcse,
 author = {Bennedsen, Jens and Caspersen, Michael E.},
 title = {Failure Rates in Introductory Programming},
 journal = {SIGCSE Bulletin.},
 volume = {39},
 number = {2},
 month = jun,
 year = {2007},
 issn = {0097-8418},
 pages = {32--36},
 numpages = {5},
 url = {http://doi.acm.org/10.1145/1272848.1272879},
 doi = {10.1145/1272848.1272879},
 acmid = {1272879},
 publisher = {ACM}
}

@inproceedings{lister-sigcse,
 author = {Lister, Raymond and Leaney, John},
 title = {Introductory Programming, Criterion-referencing, and Bloom},
 booktitle = {Proceedings of the 34th SIGCSE Technical Symposium on Computer Science Education},
 series = {SIGCSE},
 year = {2003},
 isbn = {1-58113-648-X},
 location = {Reno, Nevada, USA},
 pages = {143--147},
 numpages = {5},
 url = {http://doi.acm.org/10.1145/611892.611954},
 doi = {10.1145/611892.611954},
 acmid = {611954},
 publisher = {ACM}
}

@inproceedings{jenkins-ltsn02,
 author = {Jenkins, Tony},
 booktitle = {3rd annual Conference of LTSN-ICS,},
 title = {{On the Difficulty of Learning to Program}},
 year = {2002}
}

@inproceedings{bergin-ppig05,
  title={The influence of motivation and comfort-level on learning to program},
  author={Bergin, Susan and Reilly, Ronan},
  booktitle ={Proceedings of 17th Workshop of the Psychology of Programming Interest Group},
  pages={293--304},
  year={2005}
}

@inproceedings{wilson-sigcse01,
 author = {Wilson, Brenda Cantwell and Shrock, Sharon},
 title = {Contributing to Success in an Introductory Computer Science Course: A Study of Twelve Factors},
 booktitle = {Proceedings of the Thirty-second SIGCSE Technical Symposium on Computer Science Education},
 series = {SIGCSE},
 year = {2001},
 isbn = {1-58113-329-4},
 pages = {184--188},
 url = {http://doi.acm.org/10.1145/364447.364581},
 doi = {10.1145/364447.364581},
 publisher = {ACM}
}


@inproceedings{paes2013ferramenta,
  title={Ferramenta para a Avalia{\c{c}}{\~a}o de Aprendizado de Alunos em Programa{\c{c}}{\~a}o de Computadores},
  author={Paes, Rodrigo de Barros and Malaquias, Romero and Guimar{\~a}es, M{\'a}rcio and Almeida, Hyggo},
  booktitle={Anais dos Workshops do Congresso Brasileiro de Inform{\'a}tica na Educa{\c{c}}{\~a}o},
  volume={1},
  year={2013},
  pages={203--212},
  note={In portuguese},
  url={http://www.br-ie.org/pub/index.php/wcbie/article/view/2669},
  doi = {10.5753/CBIE.WCBIE.2013.203}
}
